<?xml version="1.0" encoding="UTF-8"?><record xmlns="http://www.loc.gov/MARC21/slim" xmlns:cinclude="http://apache.org/cocoon/include/1.0" xmlns:zs="http://www.loc.gov/zing/srw/">
  <leader>01457cz  a2200313n  4500</leader>
  <controlfield tag="001">n  50075993 </controlfield>
  <controlfield tag="003">DLC</controlfield>
  <controlfield tag="005">20160212132602.0</controlfield>
  <controlfield tag="008">810220n| azannaabn          |a aaa      </controlfield>
  <datafield tag="010" ind1=" " ind2=" ">
    <subfield code="a">n  50075993 </subfield>
  </datafield>
  <datafield tag="035" ind1=" " ind2=" ">
    <subfield code="a">(OCoLC)oca00109725</subfield>
  </datafield>
  <datafield tag="040" ind1=" " ind2=" ">
    <subfield code="a">DLC</subfield>
    <subfield code="b">eng</subfield>
    <subfield code="e">rda</subfield>
    <subfield code="c">DLC</subfield>
    <subfield code="d">DLC</subfield>
    <subfield code="d">IEN</subfield>
    <subfield code="d">DLC</subfield>
  </datafield>
  <datafield tag="046" ind1=" " ind2=" ">
    <subfield code="f">1714</subfield>
    <subfield code="g">1779</subfield>
  </datafield>
  <datafield tag="100" ind1="0" ind2=" ">
    <subfield code="a">Kosmas,</subfield>
    <subfield code="c">ho Aitōlos, Saint,</subfield>
    <subfield code="d">1714-1779</subfield>
  </datafield>
  <datafield tag="400" ind1="0" ind2=" ">
    <subfield code="a">Cosmas,</subfield>
    <subfield code="c">Saint,</subfield>
    <subfield code="d">1714-1779</subfield>
  </datafield>
  <datafield tag="400" ind1="0" ind2=" ">
    <subfield code="a">Cosmas Aitōlos,</subfield>
    <subfield code="c">Saint,</subfield>
    <subfield code="d">1714-1779</subfield>
  </datafield>
  <datafield tag="400" ind1="1" ind2=" ">
    <subfield code="a">Etoli, Kozma,</subfield>
    <subfield code="d">1714-1779</subfield>
  </datafield>
  <datafield tag="400" ind1="0" ind2=" ">
    <subfield code="a">Hieromonachos Kosmas,</subfield>
    <subfield code="d">1714-1779</subfield>
  </datafield>
  <datafield tag="400" ind1="0" ind2=" ">
    <subfield code="a">Hieromonachos Kosmas,</subfield>
    <subfield code="c">ho Aitōlos,</subfield>
    <subfield code="d">1714-1779</subfield>
  </datafield>
  <datafield tag="400" ind1="0" ind2=" ">
    <subfield code="a">Murg Kozma,</subfield>
    <subfield code="d">1714-1779</subfield>
  </datafield>
  <datafield tag="400" ind1="0" ind2=" ">
    <subfield code="w">nna</subfield>
    <subfield code="a">Kosmas ho Aitōlos,</subfield>
    <subfield code="c">Saint,</subfield>
    <subfield code="d">1714-1779</subfield>
  </datafield>
  <datafield tag="400" ind1="0" ind2=" ">
    <subfield code="a">Κοσμάς,</subfield>
    <subfield code="c">ho Aitōlos, Saint,</subfield>
    <subfield code="d">1714-1779</subfield>
  </datafield>
  <datafield tag="667" ind1=" " ind2=" ">
    <subfield code="a">Non-Latin script reference not evaluated.</subfield>
  </datafield>
  <datafield tag="670" ind1=" " ind2=" ">
    <subfield code="a">Sardelēs, K. Kosma Aitōlou analytikē bibliographia, 1968</subfield>
  </datafield>
  <datafield tag="670" ind1=" " ind2=" ">
    <subfield code="a">Holweck. (Cosmas, Monk, equal to the apostles; b. in Aetolia, Greece; strangled by the Turks in Albania in 1779)</subfield>
  </datafield>
  <datafield tag="670" ind1=" " ind2=" ">
    <subfield code="a">Cavarnos, C. St. Cosmas Aitōlos, 1985:</subfield>
    <subfield code="b">t.p. (St. Cosmas Aitōlos)</subfield>
  </datafield>
  <datafield tag="670" ind1=" " ind2=" ">
    <subfield code="a">Politismikē hēgemonia kai laikos politismos, 1999:</subfield>
    <subfield code="b">t.p. (Hieromonachou Kosma) p. 25 (Ιερομόναχος Κοσμάς ο Αιτωλός = Hieromonachos Kosmas ho Aitōlos (1714-1779))</subfield>
  </datafield>
  <datafield tag="670" ind1=" " ind2=" ">
    <subfield code="a">Kule, N., Shenjtëri të vjedhura, 2015:</subfield>
    <subfield code="b">t.o.c. (Kozma Etoli; murg Kozma);</subfield>
  </datafield>
  <datafield tag="675" ind1=" " ind2=" ">
    <subfield code="a">New Cath. encycl.</subfield>
  </datafield>
</record>